@misc{FBI2023,
  title        = {FBI Cryptocurrency Report},
  author       = {{Federal Bureau of Investigation}},
  year         = {2023},
  note         = {Available at: \url{https://www.fbi.gov/services/laboratory/cryptocurrency-report}},
  howpublished = {\url{https://www.fbi.gov/services/laboratory/cryptocurrency-report}}
}

@misc{HDIAC2023,
  title        = {Real-Time Cryptocurrencies Monitoring for Criminal Activity Detection: A Comprehensive System},
  author       = {{Homeland Defense \& Security Information Analysis Center}},
  year         = {2023},
  note         = {Available at: \url{https://www.hdiac.org/cryptocurrency-fraud-detection}},
  howpublished = {\url{https://www.hdiac.org/cryptocurrency-fraud-detection}}
}

@misc{etherscan,
  title        = {Etherscan: The Ethereum Blockchain Explorer},
  author       = {{Etherscan}},
  year         = {2024},
  howpublished = {\url{https://etherscan.io/}},
  note         = {Accessed: 2024-10-14}
}

@misc{googletrends,
  title        = {Google Trends},
  author       = {{Google}},
  year         = {2024},
  howpublished = {\url{https://trends.google.com/}},
  note         = {Accessed: 2024-10-14}
}

@misc{FBIFraudReport2023,
  title        = {FBI Internet Crime Report 2023},
  author       = {{Federal Bureau of Investigation}},
  year         = {2023},
  note         = {Available at: \url{https://www.fbi.gov/internet-crime-report}}
}

@misc{EnhancingEthereumFraudDetection,
  title        = {Enhancing Ethereum Fraud Detection via Generative and Contrastive Self-supervision},
  author       = {{Chenxiang Jin, Jiajun Zhou, Chenxuan Xie, Shanqing Yu, Qi Xuan, Xiaoniu Yang}},
  year         = {2024},
  note         = {Available at: \url{https://arxiv.org/abs/2408.00641}}
}

@misc{EnhancingEthereumFraudDetection,
  title        = {Graph Analysis for Blockchain Transaction Security},
  author       = {{Jiajun Zhou}},
  year         = {2024},
  note         = {Available at: \url{https://jjzhou012.github.io/blog/2023/10/29/research-blockchain-transaction-security}}
}