@misc{FBI2023,
  title        = {FBI Cryptocurrency Report},
  author       = {{Federal Bureau of Investigation}},
  year         = {2023},
  note         = {Available at: \url{https://www.fbi.gov/services/laboratory/cryptocurrency-report}},
  howpublished = {\url{https://www.fbi.gov/services/laboratory/cryptocurrency-report}}
}

@misc{HDIAC2023,
  title        = {Real-Time Cryptocurrencies Monitoring for Criminal Activity Detection: A Comprehensive System},
  author       = {{Homeland Defense \& Security Information Analysis Center}},
  year         = {2023},
  note         = {Available at: \url{https://www.hdiac.org/cryptocurrency-fraud-detection}},
  howpublished = {\url{https://www.hdiac.org/cryptocurrency-fraud-detection}}
}

@misc{etherscan,
  title        = {Etherscan: The Ethereum Blockchain Explorer},
  author       = {{Etherscan}},
  year         = {2024},
  howpublished = {\url{https://etherscan.io/}},
  note         = {Accessed: 2024-10-14}
}

@misc{googletrends,
  title        = {Google Trends},
  author       = {{Google}},
  year         = {2024},
  howpublished = {\url{https://trends.google.com/}},
  note         = {Accessed: 2024-10-14}
}

@misc{FBIFraudReport2023,
  title        = {FBI Internet Crime Report 2023},
  author       = {{Federal Bureau of Investigation}},
  year         = {2023},
  note         = {Available at: \url{https://www.fbi.gov/internet-crime-report}}
}

@misc{EnhancingEthereumFraudDetection,
  title        = {Enhancing Ethereum Fraud Detection via Generative and Contrastive Self-supervision},
  author       = {{Chenxiang Jin, Jiajun Zhou, Chenxuan Xie, Shanqing Yu, Qi Xuan, Xiaoniu Yang}},
  year         = {2024},
  note         = {Available at: \url{https://arxiv.org/abs/2408.00641}}
}

@misc{GraphAnalysis,
  title        = {Graph Analysis for Blockchain Transaction Security},
  author       = {{Jiajun Zhou}},
  year         = {2024},
  note         = {Available at: \url{https://jjzhou012.github.io/blog/2023/10/29/research-blockchain-transaction-security}}
}

@misc{ProtoDanksharding,
	title        = {EIP-4844: Shard Blob Transactions},
	author       = {{Ethereum Improvement Proposals}},
 	year         = {2022},
 	howpublished = {\url{https://eips.ethereum.org/EIPS/eip-4844}},
 	note         = {Accessed: 2024-12-04}
}

@misc{LondonHardfork,
	title        = {EIP-1559: Fee market change for ETH 1.0 chain},
	author       = {{Ethereum Improvement Proposals}},
 	year         = {2019},
 	howpublished = {\url{https://eips.ethereum.org/EIPS/eip-1559}},
 	note         = {Accessed: 2024-12-04}
}

@misc{TypedTransactions,
	title        = {EIP-2718: Typed Transaction Envelope},
	author       = {{Ethereum Improvement Proposals}},
 	year         = {2020},
 	howpublished = {\url{https://eips.ethereum.org/EIPS/eip-2718}},
 	note         = {Accessed: 2024-12-04}
}


@misc{InfuraURL,
  	title        = {Infura Homepage},
	author       = {{Infura, a Consensys Formation}},
  	year         = {2024},
  	howpublished = {\url{https://www.infura.io/}}},
  	note         = {Accessed: 2024-12-04}
}

@misc{GenesisBlock,
  	title        = {Who has access to ethereum 0x0000000000000000000000000000000000000000 address?},
	author       = {{Dev Ranjan via Ethereum Stackexchange}},
  	year         = {2018},
  	howpublished = {\url{https://ethereum.stackexchange.com/questions/52908/who-has-access-to-ethereum-0x0000000000000000000000000000000000000000-address}},
  	note         = {Accessed: 2024-12-04}
}

@misc{EthHistorical,
  	title        = {Ethereum USD (Historical Data)  - August 17, 2015 to May 10, 2016},
	author       = {{CoinGecko}},
  	year         = {2024},
  	howpublished = {\url{https://www.coingecko.com/en/coins/ethereum/historical_data?start=2015-08-17&end=2016-05-10}},
  	note         = {Accessed: 2024-12-06}
}